<?xml version="1.0" encoding="UTF-8"?><collection xmlns="http://www.loc.gov/MARC21/slim"><record><leader>00493nam--2200193-i-4500</leader><controlfield tag="001">000027253</controlfield><controlfield tag="002">20161230</controlfield><controlfield tag="005">20161230201036</controlfield><controlfield tag="008">060222s1000------------r-----000-0-cze-d</controlfield><datafield ind1=" " ind2=" " tag="040"><subfield code="a">IFIN-HH</subfield></datafield><datafield ind1=" " ind2=" " tag="041"><subfield code="a">cze</subfield></datafield><datafield ind1=" " ind2=" " tag="080"><subfield code="a">533.9</subfield></datafield><datafield ind1="1" ind2=" " tag="100"><subfield code="a">Kracik, Jiri</subfield></datafield><datafield ind1="1" ind2="0" tag="245"><subfield code="a">Fyzika plazmatu</subfield><subfield code="c">Jiri kracik, jaromir tobias</subfield></datafield><datafield ind1=" " ind2=" " tag="260"><subfield code="a">Praha, Academia Nakladateltvi Ceskoslovenske, 1966,</subfield></datafield><datafield ind1=" " ind2=" " tag="300"><subfield code="a">260P</subfield></datafield><datafield ind1="1" ind2=" " tag="700"><subfield code="a">Tobias, Jaromir</subfield></datafield><datafield ind1=" " ind2=" " tag="852"><subfield code="a">76228</subfield><subfield code="c">533.9</subfield></datafield><datafield ind1=" " ind2=" " tag="CAT"><subfield code="a">Sys</subfield><subfield code="c">20101002</subfield><subfield code="h">113655</subfield></datafield></record></collection>